% !TeX spellcheck = ru_RU

@inproceedings{fsharpasyncawait,
author = {Syme, Don and Petricek, Tomas and Lomov, Dmitry},
year = {2011},
month = {01},
pages = {175-189},
title = {The F\# Asynchronous Programming Model},
volume = {6539},
isbn = {978-3-642-18377-5},
doi = {10.1007/978-3-642-18378-2_15}
}